%YAML 1.1
%TAG !u! tag:unity3d.com,2011:
--- !u!29 &1
OcclusionCullingSettings:
  m_ObjectHideFlags: 0
  serializedVersion: 2
  m_OcclusionBakeSettings:
    smallestOccluder: 5
    smallestHole: 0.25
    backfaceThreshold: 100
  m_SceneGUID: 00000000000000000000000000000000
  m_OcclusionCullingData: {fileID: 0}
--- !u!104 &2
RenderSettings:
  m_ObjectHideFlags: 0
  serializedVersion: 9
  m_Fog: 0
  m_FogColor: {r: 0.5, g: 0.5, b: 0.5, a: 1}
  m_FogMode: 3
  m_FogDensity: 0.01
  m_LinearFogStart: 0
  m_LinearFogEnd: 300
  m_AmbientSkyColor: {r: 0.212, g: 0.227, b: 0.259, a: 1}
  m_AmbientEquatorColor: {r: 0.114, g: 0.125, b: 0.133, a: 1}
  m_AmbientGroundColor: {r: 0.047, g: 0.043, b: 0.035, a: 1}
  m_AmbientIntensity: 1
  m_AmbientMode: 3
  m_SubtractiveShadowColor: {r: 0.42, g: 0.478, b: 0.627, a: 1}
  m_SkyboxMaterial: {fileID: 0}
  m_HaloStrength: 0.5
  m_FlareStrength: 1
  m_FlareFadeSpeed: 3
  m_HaloTexture: {fileID: 0}
  m_SpotCookie: {fileID: 10001, guid: 0000000000000000e000000000000000, type: 0}
  m_DefaultReflectionMode: 0
  m_DefaultReflectionResolution: 128
  m_ReflectionBounces: 1
  m_ReflectionIntensity: 1
  m_CustomReflection: {fileID: 0}
  m_Sun: {fileID: 0}
  m_IndirectSpecularColor: {r: 0, g: 0, b: 0, a: 1}
  m_UseRadianceAmbientProbe: 0
--- !u!157 &3
LightmapSettings:
  m_ObjectHideFlags: 0
  serializedVersion: 12
  m_GIWorkflowMode: 1
  m_GISettings:
    serializedVersion: 2
    m_BounceScale: 1
    m_IndirectOutputScale: 1
    m_AlbedoBoost: 1
    m_EnvironmentLightingMode: 0
    m_EnableBakedLightmaps: 0
    m_EnableRealtimeLightmaps: 0
  m_LightmapEditorSettings:
    serializedVersion: 12
    m_Resolution: 2
    m_BakeResolution: 40
    m_AtlasSize: 1024
    m_AO: 0
    m_AOMaxDistance: 1
    m_CompAOExponent: 1
    m_CompAOExponentDirect: 0
    m_ExtractAmbientOcclusion: 0
    m_Padding: 2
    m_LightmapParameters: {fileID: 0}
    m_LightmapsBakeMode: 1
    m_TextureCompression: 1
    m_FinalGather: 0
    m_FinalGatherFiltering: 1
    m_FinalGatherRayCount: 256
    m_ReflectionCompression: 2
    m_MixedBakeMode: 2
    m_BakeBackend: 1
    m_PVRSampling: 1
    m_PVRDirectSampleCount: 32
    m_PVRSampleCount: 512
    m_PVRBounces: 2
    m_PVREnvironmentSampleCount: 256
    m_PVREnvironmentReferencePointCount: 2048
    m_PVRFilteringMode: 1
    m_PVRDenoiserTypeDirect: 1
    m_PVRDenoiserTypeIndirect: 1
    m_PVRDenoiserTypeAO: 1
    m_PVRFilterTypeDirect: 0
    m_PVRFilterTypeIndirect: 0
    m_PVRFilterTypeAO: 0
    m_PVREnvironmentMIS: 1
    m_PVRCulling: 1
    m_PVRFilteringGaussRadiusDirect: 1
    m_PVRFilteringGaussRadiusIndirect: 5
    m_PVRFilteringGaussRadiusAO: 2
    m_PVRFilteringAtrousPositionSigmaDirect: 0.5
    m_PVRFilteringAtrousPositionSigmaIndirect: 2
    m_PVRFilteringAtrousPositionSigmaAO: 1
    m_ExportTrainingData: 0
    m_TrainingDataDestination: TrainingData
    m_LightProbeSampleCountMultiplier: 4
  m_LightingDataAsset: {fileID: 0}
  m_LightingSettings: {fileID: 0}
--- !u!196 &4
NavMeshSettings:
  serializedVersion: 2
  m_ObjectHideFlags: 0
  m_BuildSettings:
    serializedVersion: 2
    agentTypeID: 0
    agentRadius: 0.5
    agentHeight: 2
    agentSlope: 45
    agentClimb: 0.4
    ledgeDropHeight: 0
    maxJumpAcrossDistance: 0
    minRegionArea: 2
    manualCellSize: 0
    cellSize: 0.16666667
    manualTileSize: 0
    tileSize: 256
    accuratePlacement: 0
    maxJobWorkers: 0
    preserveTilesOutsideBounds: 0
    debug:
      m_Flags: 0
  m_NavMeshData: {fileID: 0}
--- !u!1001 &187017747
PrefabInstance:
  m_ObjectHideFlags: 0
  serializedVersion: 2
  m_Modification:
    m_TransformParent: {fileID: 0}
    m_Modifications:
    - target: {fileID: 1991429656698165553, guid: fa7690582f29e1240879ca6d72d3f16b, type: 3}
      propertyPath: m_Camera
      value: 
      objectReference: {fileID: 318260209}
    - target: {fileID: 1991429656698165553, guid: fa7690582f29e1240879ca6d72d3f16b, type: 3}
      propertyPath: m_AdditionalShaderChannelsFlag
      value: 0
      objectReference: {fileID: 0}
    - target: {fileID: 4618911527617266367, guid: fa7690582f29e1240879ca6d72d3f16b, type: 3}
      propertyPath: m_ScreenMatchMode
      value: 0
      objectReference: {fileID: 0}
    - target: {fileID: 4618911527617266367, guid: fa7690582f29e1240879ca6d72d3f16b, type: 3}
      propertyPath: m_ReferencePixelsPerUnit
      value: 150
      objectReference: {fileID: 0}
    - target: {fileID: 5514679653874861167, guid: fa7690582f29e1240879ca6d72d3f16b, type: 3}
      propertyPath: m_Camera
      value: 
      objectReference: {fileID: 318260209}
    - target: {fileID: 5885981193156284412, guid: fa7690582f29e1240879ca6d72d3f16b, type: 3}
      propertyPath: m_SizeDelta.x
      value: 150
      objectReference: {fileID: 0}
    - target: {fileID: 5885981193156284412, guid: fa7690582f29e1240879ca6d72d3f16b, type: 3}
      propertyPath: m_SizeDelta.y
      value: 100
      objectReference: {fileID: 0}
    - target: {fileID: 5885981193156284412, guid: fa7690582f29e1240879ca6d72d3f16b, type: 3}
      propertyPath: m_AnchoredPosition.x
      value: -60
      objectReference: {fileID: 0}
    - target: {fileID: 5885981193156284412, guid: fa7690582f29e1240879ca6d72d3f16b, type: 3}
      propertyPath: m_AnchoredPosition.y
      value: -250
      objectReference: {fileID: 0}
    - target: {fileID: 6905043936105241481, guid: fa7690582f29e1240879ca6d72d3f16b, type: 3}
      propertyPath: m_RootOrder
      value: 8
      objectReference: {fileID: 0}
    - target: {fileID: 6905043936105241481, guid: fa7690582f29e1240879ca6d72d3f16b, type: 3}
      propertyPath: m_LocalPosition.x
      value: 2.7643864
      objectReference: {fileID: 0}
    - target: {fileID: 6905043936105241481, guid: fa7690582f29e1240879ca6d72d3f16b, type: 3}
      propertyPath: m_LocalPosition.y
      value: 0.45271665
      objectReference: {fileID: 0}
    - target: {fileID: 6905043936105241481, guid: fa7690582f29e1240879ca6d72d3f16b, type: 3}
      propertyPath: m_LocalPosition.z
      value: -4.307201
      objectReference: {fileID: 0}
    - target: {fileID: 6905043936105241481, guid: fa7690582f29e1240879ca6d72d3f16b, type: 3}
      propertyPath: m_LocalRotation.w
      value: 1
      objectReference: {fileID: 0}
    - target: {fileID: 6905043936105241481, guid: fa7690582f29e1240879ca6d72d3f16b, type: 3}
      propertyPath: m_LocalRotation.x
      value: 0
      objectReference: {fileID: 0}
    - target: {fileID: 6905043936105241481, guid: fa7690582f29e1240879ca6d72d3f16b, type: 3}
      propertyPath: m_LocalRotation.y
      value: 0
      objectReference: {fileID: 0}
    - target: {fileID: 6905043936105241481, guid: fa7690582f29e1240879ca6d72d3f16b, type: 3}
      propertyPath: m_LocalRotation.z
      value: 0
      objectReference: {fileID: 0}
    - target: {fileID: 6905043936105241481, guid: fa7690582f29e1240879ca6d72d3f16b, type: 3}
      propertyPath: m_LocalEulerAnglesHint.x
      value: 0
      objectReference: {fileID: 0}
    - target: {fileID: 6905043936105241481, guid: fa7690582f29e1240879ca6d72d3f16b, type: 3}
      propertyPath: m_LocalEulerAnglesHint.y
      value: 0
      objectReference: {fileID: 0}
    - target: {fileID: 6905043936105241481, guid: fa7690582f29e1240879ca6d72d3f16b, type: 3}
      propertyPath: m_LocalEulerAnglesHint.z
      value: 0
      objectReference: {fileID: 0}
    - target: {fileID: 6905043936105241483, guid: fa7690582f29e1240879ca6d72d3f16b, type: 3}
      propertyPath: m_Name
      value: endConf 4_5
      objectReference: {fileID: 0}
    - target: {fileID: 7831063176626212174, guid: fa7690582f29e1240879ca6d72d3f16b, type: 3}
      propertyPath: m_IsActive
      value: 0
      objectReference: {fileID: 0}
    - target: {fileID: 8714031229910985203, guid: fa7690582f29e1240879ca6d72d3f16b, type: 3}
      propertyPath: m_SizeDelta.x
      value: 150
      objectReference: {fileID: 0}
    - target: {fileID: 8714031229910985203, guid: fa7690582f29e1240879ca6d72d3f16b, type: 3}
      propertyPath: m_SizeDelta.y
      value: 100
      objectReference: {fileID: 0}
    - target: {fileID: 8714031229910985203, guid: fa7690582f29e1240879ca6d72d3f16b, type: 3}
      propertyPath: m_AnchoredPosition.x
      value: 100
      objectReference: {fileID: 0}
    - target: {fileID: 8714031229910985203, guid: fa7690582f29e1240879ca6d72d3f16b, type: 3}
      propertyPath: m_AnchoredPosition.y
      value: -250
      objectReference: {fileID: 0}
    m_RemovedComponents: []
  m_SourcePrefab: {fileID: 100100000, guid: fa7690582f29e1240879ca6d72d3f16b, type: 3}
--- !u!1001 &294142369
PrefabInstance:
  m_ObjectHideFlags: 0
  serializedVersion: 2
  m_Modification:
    m_TransformParent: {fileID: 0}
    m_Modifications:
    - target: {fileID: 86481971958195841, guid: 4a049d9ef9199974ea74199c3710274c, type: 3}
      propertyPath: m_RootOrder
      value: 1
      objectReference: {fileID: 0}
    - target: {fileID: 86481971958195841, guid: 4a049d9ef9199974ea74199c3710274c, type: 3}
      propertyPath: m_LocalPosition.x
      value: 0
      objectReference: {fileID: 0}
    - target: {fileID: 86481971958195841, guid: 4a049d9ef9199974ea74199c3710274c, type: 3}
      propertyPath: m_LocalPosition.y
      value: 0
      objectReference: {fileID: 0}
    - target: {fileID: 86481971958195841, guid: 4a049d9ef9199974ea74199c3710274c, type: 3}
      propertyPath: m_LocalPosition.z
      value: 0
      objectReference: {fileID: 0}
    - target: {fileID: 86481971958195841, guid: 4a049d9ef9199974ea74199c3710274c, type: 3}
      propertyPath: m_LocalRotation.w
      value: 1
      objectReference: {fileID: 0}
    - target: {fileID: 86481971958195841, guid: 4a049d9ef9199974ea74199c3710274c, type: 3}
      propertyPath: m_LocalRotation.x
      value: 0
      objectReference: {fileID: 0}
    - target: {fileID: 86481971958195841, guid: 4a049d9ef9199974ea74199c3710274c, type: 3}
      propertyPath: m_LocalRotation.y
      value: 0
      objectReference: {fileID: 0}
    - target: {fileID: 86481971958195841, guid: 4a049d9ef9199974ea74199c3710274c, type: 3}
      propertyPath: m_LocalRotation.z
      value: 0
      objectReference: {fileID: 0}
    - target: {fileID: 86481971958195841, guid: 4a049d9ef9199974ea74199c3710274c, type: 3}
      propertyPath: m_LocalEulerAnglesHint.x
      value: 0
      objectReference: {fileID: 0}
    - target: {fileID: 86481971958195841, guid: 4a049d9ef9199974ea74199c3710274c, type: 3}
      propertyPath: m_LocalEulerAnglesHint.y
      value: 0
      objectReference: {fileID: 0}
    - target: {fileID: 86481971958195841, guid: 4a049d9ef9199974ea74199c3710274c, type: 3}
      propertyPath: m_LocalEulerAnglesHint.z
      value: 0
      objectReference: {fileID: 0}
    - target: {fileID: 86481971958195842, guid: 4a049d9ef9199974ea74199c3710274c, type: 3}
      propertyPath: m_Name
      value: EventSystem
      objectReference: {fileID: 0}
    m_RemovedComponents: []
  m_SourcePrefab: {fileID: 100100000, guid: 4a049d9ef9199974ea74199c3710274c, type: 3}
--- !u!20 &318260209 stripped
Camera:
  m_CorrespondingSourceObject: {fileID: 343985083841559985, guid: 42e8b96c46a8a10409777d7aeb9697ed, type: 3}
  m_PrefabInstance: {fileID: 1849365280}
  m_PrefabAsset: {fileID: 0}
--- !u!1 &733967695 stripped
GameObject:
  m_CorrespondingSourceObject: {fileID: 7444510940104313358, guid: 430914cc85224d34dafcd29c3c927b72, type: 3}
  m_PrefabInstance: {fileID: 1215466486}
  m_PrefabAsset: {fileID: 0}
--- !u!114 &733967697
MonoBehaviour:
  m_ObjectHideFlags: 0
  m_CorrespondingSourceObject: {fileID: 0}
  m_PrefabInstance: {fileID: 0}
  m_PrefabAsset: {fileID: 0}
  m_GameObject: {fileID: 733967695}
  m_Enabled: 1
  m_EditorHideFlags: 0
  m_Script: {fileID: 11500000, guid: e2e2b13599e374e4282aa43a2ee519d2, type: 3}
  m_Name: 
  m_EditorClassIdentifier: 
  gridGen: {fileID: 733967698}
  cellGen: {fileID: 1465186931}
--- !u!114 &733967698 stripped
MonoBehaviour:
  m_CorrespondingSourceObject: {fileID: 7444510940104313357, guid: 430914cc85224d34dafcd29c3c927b72, type: 3}
  m_PrefabInstance: {fileID: 1215466486}
  m_PrefabAsset: {fileID: 0}
  m_GameObject: {fileID: 733967695}
  m_Enabled: 1
  m_EditorHideFlags: 0
  m_Script: {fileID: 11500000, guid: ecb59b604986efb4da50b7703b3e768b, type: 3}
  m_Name: 
  m_EditorClassIdentifier: 
--- !u!1001 &865782241
PrefabInstance:
  m_ObjectHideFlags: 0
  serializedVersion: 2
  m_Modification:
    m_TransformParent: {fileID: 0}
    m_Modifications:
    - target: {fileID: 6347883161358581946, guid: 314156d28b439dd4eb09f13ab7dd28c0, type: 3}
      propertyPath: m_RootOrder
      value: 6
      objectReference: {fileID: 0}
    - target: {fileID: 6347883161358581946, guid: 314156d28b439dd4eb09f13ab7dd28c0, type: 3}
      propertyPath: m_LocalScale.x
      value: 13
      objectReference: {fileID: 0}
    - target: {fileID: 6347883161358581946, guid: 314156d28b439dd4eb09f13ab7dd28c0, type: 3}
      propertyPath: m_LocalScale.y
      value: 13
      objectReference: {fileID: 0}
    - target: {fileID: 6347883161358581946, guid: 314156d28b439dd4eb09f13ab7dd28c0, type: 3}
      propertyPath: m_LocalPosition.x
      value: 0
      objectReference: {fileID: 0}
    - target: {fileID: 6347883161358581946, guid: 314156d28b439dd4eb09f13ab7dd28c0, type: 3}
      propertyPath: m_LocalPosition.y
      value: 0
      objectReference: {fileID: 0}
    - target: {fileID: 6347883161358581946, guid: 314156d28b439dd4eb09f13ab7dd28c0, type: 3}
      propertyPath: m_LocalPosition.z
      value: 0
      objectReference: {fileID: 0}
    - target: {fileID: 6347883161358581946, guid: 314156d28b439dd4eb09f13ab7dd28c0, type: 3}
      propertyPath: m_LocalRotation.w
      value: 1
      objectReference: {fileID: 0}
    - target: {fileID: 6347883161358581946, guid: 314156d28b439dd4eb09f13ab7dd28c0, type: 3}
      propertyPath: m_LocalRotation.x
      value: -0
      objectReference: {fileID: 0}
    - target: {fileID: 6347883161358581946, guid: 314156d28b439dd4eb09f13ab7dd28c0, type: 3}
      propertyPath: m_LocalRotation.y
      value: -0
      objectReference: {fileID: 0}
    - target: {fileID: 6347883161358581946, guid: 314156d28b439dd4eb09f13ab7dd28c0, type: 3}
      propertyPath: m_LocalRotation.z
      value: -0
      objectReference: {fileID: 0}
    - target: {fileID: 6347883161358581946, guid: 314156d28b439dd4eb09f13ab7dd28c0, type: 3}
      propertyPath: m_LocalEulerAnglesHint.x
      value: 0
      objectReference: {fileID: 0}
    - target: {fileID: 6347883161358581946, guid: 314156d28b439dd4eb09f13ab7dd28c0, type: 3}
      propertyPath: m_LocalEulerAnglesHint.y
      value: 0
      objectReference: {fileID: 0}
    - target: {fileID: 6347883161358581946, guid: 314156d28b439dd4eb09f13ab7dd28c0, type: 3}
      propertyPath: m_LocalEulerAnglesHint.z
      value: 0
      objectReference: {fileID: 0}
    - target: {fileID: 6347883161358581948, guid: 314156d28b439dd4eb09f13ab7dd28c0, type: 3}
      propertyPath: m_Name
      value: cartoon-forest-background-nature-park-landscape_107791-2040 (2)
      objectReference: {fileID: 0}
    m_RemovedComponents: []
  m_SourcePrefab: {fileID: 100100000, guid: 314156d28b439dd4eb09f13ab7dd28c0, type: 3}
--- !u!1001 &1168870865
PrefabInstance:
  m_ObjectHideFlags: 0
  serializedVersion: 2
  m_Modification:
    m_TransformParent: {fileID: 0}
    m_Modifications:
    - target: {fileID: 1033869560457054228, guid: 3f0dfbd4a4a12e34aa9bb984e8e2e843, type: 3}
      propertyPath: m_RootOrder
      value: 3
      objectReference: {fileID: 0}
    - target: {fileID: 1033869560457054228, guid: 3f0dfbd4a4a12e34aa9bb984e8e2e843, type: 3}
      propertyPath: m_LocalPosition.x
      value: 0
      objectReference: {fileID: 0}
    - target: {fileID: 1033869560457054228, guid: 3f0dfbd4a4a12e34aa9bb984e8e2e843, type: 3}
      propertyPath: m_LocalPosition.y
      value: 0
      objectReference: {fileID: 0}
    - target: {fileID: 1033869560457054228, guid: 3f0dfbd4a4a12e34aa9bb984e8e2e843, type: 3}
      propertyPath: m_LocalPosition.z
      value: 0
      objectReference: {fileID: 0}
    - target: {fileID: 1033869560457054228, guid: 3f0dfbd4a4a12e34aa9bb984e8e2e843, type: 3}
      propertyPath: m_LocalRotation.w
      value: 1
      objectReference: {fileID: 0}
    - target: {fileID: 1033869560457054228, guid: 3f0dfbd4a4a12e34aa9bb984e8e2e843, type: 3}
      propertyPath: m_LocalRotation.x
      value: 0
      objectReference: {fileID: 0}
    - target: {fileID: 1033869560457054228, guid: 3f0dfbd4a4a12e34aa9bb984e8e2e843, type: 3}
      propertyPath: m_LocalRotation.y
      value: 0
      objectReference: {fileID: 0}
    - target: {fileID: 1033869560457054228, guid: 3f0dfbd4a4a12e34aa9bb984e8e2e843, type: 3}
      propertyPath: m_LocalRotation.z
      value: 0
      objectReference: {fileID: 0}
    - target: {fileID: 1033869560457054228, guid: 3f0dfbd4a4a12e34aa9bb984e8e2e843, type: 3}
      propertyPath: m_LocalEulerAnglesHint.x
      value: 0
      objectReference: {fileID: 0}
    - target: {fileID: 1033869560457054228, guid: 3f0dfbd4a4a12e34aa9bb984e8e2e843, type: 3}
      propertyPath: m_LocalEulerAnglesHint.y
      value: 0
      objectReference: {fileID: 0}
    - target: {fileID: 1033869560457054228, guid: 3f0dfbd4a4a12e34aa9bb984e8e2e843, type: 3}
      propertyPath: m_LocalEulerAnglesHint.z
      value: 0
      objectReference: {fileID: 0}
    - target: {fileID: 1033869560457054229, guid: 3f0dfbd4a4a12e34aa9bb984e8e2e843, type: 3}
      propertyPath: m_Name
      value: Snek
      objectReference: {fileID: 0}
    - target: {fileID: 1033869560457054231, guid: 3f0dfbd4a4a12e34aa9bb984e8e2e843, type: 3}
      propertyPath: food
      value: 
      objectReference: {fileID: 2112032611}
    - target: {fileID: 1033869560457054231, guid: 3f0dfbd4a4a12e34aa9bb984e8e2e843, type: 3}
      propertyPath: stdGrid
      value: 
      objectReference: {fileID: 733967698}
    - target: {fileID: 1033869561154339035, guid: 3f0dfbd4a4a12e34aa9bb984e8e2e843, type: 3}
      propertyPath: stdGrid
      value: 
      objectReference: {fileID: 733967698}
    - target: {fileID: 1033869561384627824, guid: 3f0dfbd4a4a12e34aa9bb984e8e2e843, type: 3}
      propertyPath: food
      value: 
      objectReference: {fileID: 2112032611}
    - target: {fileID: 1033869561384627824, guid: 3f0dfbd4a4a12e34aa9bb984e8e2e843, type: 3}
      propertyPath: stdGrid
      value: 
      objectReference: {fileID: 733967698}
    - target: {fileID: 1033869561384627824, guid: 3f0dfbd4a4a12e34aa9bb984e8e2e843, type: 3}
      propertyPath: currCell
      value: 
      objectReference: {fileID: 1815385823}
    - target: {fileID: 1033869561600233232, guid: 3f0dfbd4a4a12e34aa9bb984e8e2e843, type: 3}
      propertyPath: stdGrid
      value: 
      objectReference: {fileID: 0}
    - target: {fileID: 1033869561654651469, guid: 3f0dfbd4a4a12e34aa9bb984e8e2e843, type: 3}
      propertyPath: stdGrid
      value: 
      objectReference: {fileID: 733967698}
    m_RemovedComponents: []
  m_SourcePrefab: {fileID: 100100000, guid: 3f0dfbd4a4a12e34aa9bb984e8e2e843, type: 3}
--- !u!1001 &1215466486
PrefabInstance:
  m_ObjectHideFlags: 0
  serializedVersion: 2
  m_Modification:
    m_TransformParent: {fileID: 0}
    m_Modifications:
    - target: {fileID: 548028414041425297, guid: 430914cc85224d34dafcd29c3c927b72, type: 3}
      propertyPath: m_Name
      value: stdGrid
      objectReference: {fileID: 0}
    - target: {fileID: 548028414041425299, guid: 430914cc85224d34dafcd29c3c927b72, type: 3}
      propertyPath: m_RootOrder
      value: 3
      objectReference: {fileID: 0}
    - target: {fileID: 548028414041425299, guid: 430914cc85224d34dafcd29c3c927b72, type: 3}
      propertyPath: m_LocalPosition.x
      value: 0
      objectReference: {fileID: 0}
    - target: {fileID: 548028414041425299, guid: 430914cc85224d34dafcd29c3c927b72, type: 3}
      propertyPath: m_LocalPosition.y
      value: 0
      objectReference: {fileID: 0}
    - target: {fileID: 548028414041425299, guid: 430914cc85224d34dafcd29c3c927b72, type: 3}
      propertyPath: m_LocalPosition.z
      value: 0
      objectReference: {fileID: 0}
    - target: {fileID: 548028414041425299, guid: 430914cc85224d34dafcd29c3c927b72, type: 3}
      propertyPath: m_LocalRotation.w
      value: 1
      objectReference: {fileID: 0}
    - target: {fileID: 548028414041425299, guid: 430914cc85224d34dafcd29c3c927b72, type: 3}
      propertyPath: m_LocalRotation.x
      value: 0
      objectReference: {fileID: 0}
    - target: {fileID: 548028414041425299, guid: 430914cc85224d34dafcd29c3c927b72, type: 3}
      propertyPath: m_LocalRotation.y
      value: 0
      objectReference: {fileID: 0}
    - target: {fileID: 548028414041425299, guid: 430914cc85224d34dafcd29c3c927b72, type: 3}
      propertyPath: m_LocalRotation.z
      value: 0
      objectReference: {fileID: 0}
    - target: {fileID: 548028414041425299, guid: 430914cc85224d34dafcd29c3c927b72, type: 3}
      propertyPath: m_LocalEulerAnglesHint.x
      value: 0
      objectReference: {fileID: 0}
    - target: {fileID: 548028414041425299, guid: 430914cc85224d34dafcd29c3c927b72, type: 3}
      propertyPath: m_LocalEulerAnglesHint.y
      value: 0
      objectReference: {fileID: 0}
    - target: {fileID: 548028414041425299, guid: 430914cc85224d34dafcd29c3c927b72, type: 3}
      propertyPath: m_LocalEulerAnglesHint.z
      value: 0
      objectReference: {fileID: 0}
    - target: {fileID: 7444510939649954917, guid: 430914cc85224d34dafcd29c3c927b72, type: 3}
      propertyPath: m_SortingOrder
      value: 1
      objectReference: {fileID: 0}
    - target: {fileID: 7444510940104313354, guid: 430914cc85224d34dafcd29c3c927b72, type: 3}
      propertyPath: m_RootOrder
      value: 0
      objectReference: {fileID: 0}
    - target: {fileID: 7444510940104313356, guid: 430914cc85224d34dafcd29c3c927b72, type: 3}
      propertyPath: m_Enabled
      value: 0
      objectReference: {fileID: 0}
    m_RemovedComponents: []
  m_SourcePrefab: {fileID: 100100000, guid: 430914cc85224d34dafcd29c3c927b72, type: 3}
--- !u!114 &1445603796 stripped
MonoBehaviour:
  m_CorrespondingSourceObject: {fileID: 7444510939649954919, guid: 430914cc85224d34dafcd29c3c927b72, type: 3}
  m_PrefabInstance: {fileID: 1215466486}
  m_PrefabAsset: {fileID: 0}
  m_GameObject: {fileID: 1465186931}
  m_Enabled: 1
  m_EditorHideFlags: 0
  m_Script: {fileID: 11500000, guid: 3834c121084e08e40a9f2043dabeb535, type: 3}
  m_Name: 
  m_EditorClassIdentifier: 
--- !u!1 &1465186931 stripped
GameObject:
  m_CorrespondingSourceObject: {fileID: 7444510939649954920, guid: 430914cc85224d34dafcd29c3c927b72, type: 3}
  m_PrefabInstance: {fileID: 1215466486}
  m_PrefabAsset: {fileID: 0}
--- !u!114 &1579413498 stripped
MonoBehaviour:
  m_CorrespondingSourceObject: {fileID: 7848089416513465250, guid: 25964a1284dc7b54eaddf7383be838e8, type: 3}
  m_PrefabInstance: {fileID: 1662913370}
  m_PrefabAsset: {fileID: 0}
  m_GameObject: {fileID: 0}
  m_Enabled: 1
  m_EditorHideFlags: 0
  m_Script: {fileID: 11500000, guid: 5f7201a12d95ffc409449d95f23cf332, type: 3}
  m_Name: 
  m_EditorClassIdentifier: 
--- !u!114 &1613991091 stripped
MonoBehaviour:
  m_CorrespondingSourceObject: {fileID: 1033869561384627824, guid: 3f0dfbd4a4a12e34aa9bb984e8e2e843, type: 3}
  m_PrefabInstance: {fileID: 1168870865}
  m_PrefabAsset: {fileID: 0}
  m_GameObject: {fileID: 0}
  m_Enabled: 1
  m_EditorHideFlags: 0
  m_Script: {fileID: 11500000, guid: f3a47a1b4654d3341b713cd85bba07ff, type: 3}
  m_Name: 
  m_EditorClassIdentifier: 
--- !u!1001 &1662913370
PrefabInstance:
  m_ObjectHideFlags: 0
  serializedVersion: 2
  m_Modification:
    m_TransformParent: {fileID: 0}
    m_Modifications:
    - target: {fileID: 1037057216192417667, guid: 25964a1284dc7b54eaddf7383be838e8, type: 3}
      propertyPath: m_Pivot.x
      value: 0
      objectReference: {fileID: 0}
    - target: {fileID: 1037057216192417667, guid: 25964a1284dc7b54eaddf7383be838e8, type: 3}
      propertyPath: m_Pivot.y
      value: 0
      objectReference: {fileID: 0}
    - target: {fileID: 1037057216192417667, guid: 25964a1284dc7b54eaddf7383be838e8, type: 3}
      propertyPath: m_RootOrder
      value: 7
      objectReference: {fileID: 0}
    - target: {fileID: 1037057216192417667, guid: 25964a1284dc7b54eaddf7383be838e8, type: 3}
      propertyPath: m_AnchorMax.x
      value: 0
      objectReference: {fileID: 0}
    - target: {fileID: 1037057216192417667, guid: 25964a1284dc7b54eaddf7383be838e8, type: 3}
      propertyPath: m_AnchorMax.y
      value: 0
      objectReference: {fileID: 0}
    - target: {fileID: 1037057216192417667, guid: 25964a1284dc7b54eaddf7383be838e8, type: 3}
      propertyPath: m_AnchorMin.x
      value: 0
      objectReference: {fileID: 0}
    - target: {fileID: 1037057216192417667, guid: 25964a1284dc7b54eaddf7383be838e8, type: 3}
      propertyPath: m_AnchorMin.y
      value: 0
      objectReference: {fileID: 0}
    - target: {fileID: 1037057216192417667, guid: 25964a1284dc7b54eaddf7383be838e8, type: 3}
      propertyPath: m_SizeDelta.x
      value: 0
      objectReference: {fileID: 0}
    - target: {fileID: 1037057216192417667, guid: 25964a1284dc7b54eaddf7383be838e8, type: 3}
      propertyPath: m_SizeDelta.y
      value: 0
      objectReference: {fileID: 0}
    - target: {fileID: 1037057216192417667, guid: 25964a1284dc7b54eaddf7383be838e8, type: 3}
      propertyPath: m_LocalPosition.x
      value: 0
      objectReference: {fileID: 0}
    - target: {fileID: 1037057216192417667, guid: 25964a1284dc7b54eaddf7383be838e8, type: 3}
      propertyPath: m_LocalPosition.y
      value: 0
      objectReference: {fileID: 0}
    - target: {fileID: 1037057216192417667, guid: 25964a1284dc7b54eaddf7383be838e8, type: 3}
      propertyPath: m_LocalPosition.z
      value: 0
      objectReference: {fileID: 0}
    - target: {fileID: 1037057216192417667, guid: 25964a1284dc7b54eaddf7383be838e8, type: 3}
      propertyPath: m_LocalRotation.w
      value: 1
      objectReference: {fileID: 0}
    - target: {fileID: 1037057216192417667, guid: 25964a1284dc7b54eaddf7383be838e8, type: 3}
      propertyPath: m_LocalRotation.x
      value: 0
      objectReference: {fileID: 0}
    - target: {fileID: 1037057216192417667, guid: 25964a1284dc7b54eaddf7383be838e8, type: 3}
      propertyPath: m_LocalRotation.y
      value: 0
      objectReference: {fileID: 0}
    - target: {fileID: 1037057216192417667, guid: 25964a1284dc7b54eaddf7383be838e8, type: 3}
      propertyPath: m_LocalRotation.z
      value: 0
      objectReference: {fileID: 0}
    - target: {fileID: 1037057216192417667, guid: 25964a1284dc7b54eaddf7383be838e8, type: 3}
      propertyPath: m_AnchoredPosition.x
      value: 0
      objectReference: {fileID: 0}
    - target: {fileID: 1037057216192417667, guid: 25964a1284dc7b54eaddf7383be838e8, type: 3}
      propertyPath: m_AnchoredPosition.y
      value: 0
      objectReference: {fileID: 0}
    - target: {fileID: 1037057216192417667, guid: 25964a1284dc7b54eaddf7383be838e8, type: 3}
      propertyPath: m_LocalEulerAnglesHint.x
      value: 0
      objectReference: {fileID: 0}
    - target: {fileID: 1037057216192417667, guid: 25964a1284dc7b54eaddf7383be838e8, type: 3}
      propertyPath: m_LocalEulerAnglesHint.y
      value: 0
      objectReference: {fileID: 0}
    - target: {fileID: 1037057216192417667, guid: 25964a1284dc7b54eaddf7383be838e8, type: 3}
      propertyPath: m_LocalEulerAnglesHint.z
      value: 0
      objectReference: {fileID: 0}
    - target: {fileID: 1268477639073182195, guid: 25964a1284dc7b54eaddf7383be838e8, type: 3}
      propertyPath: m_Name
      value: Canvas
      objectReference: {fileID: 0}
    - target: {fileID: 7166737665599376475, guid: 25964a1284dc7b54eaddf7383be838e8, type: 3}
      propertyPath: m_Camera
      value: 
      objectReference: {fileID: 318260209}
    m_RemovedComponents: []
  m_SourcePrefab: {fileID: 100100000, guid: 25964a1284dc7b54eaddf7383be838e8, type: 3}
--- !u!1001 &1815385822
PrefabInstance:
  m_ObjectHideFlags: 0
  serializedVersion: 2
  m_Modification:
    m_TransformParent: {fileID: 0}
    m_Modifications:
    - target: {fileID: 298643349485105602, guid: 4efb778f9d7f7a247a287e840e061627, type: 3}
      propertyPath: temp
      value: 
      objectReference: {fileID: 733967698}
    - target: {fileID: 298643349485105602, guid: 4efb778f9d7f7a247a287e840e061627, type: 3}
      propertyPath: actual
      value: 
      objectReference: {fileID: 1445603796}
    - target: {fileID: 298643349485105602, guid: 4efb778f9d7f7a247a287e840e061627, type: 3}
      propertyPath: stdGrid
      value: 
      objectReference: {fileID: 733967695}
    - target: {fileID: 298643349485105602, guid: 4efb778f9d7f7a247a287e840e061627, type: 3}
      propertyPath: controller
      value: 
      objectReference: {fileID: 1613991091}
    - target: {fileID: 298643349485105603, guid: 4efb778f9d7f7a247a287e840e061627, type: 3}
      propertyPath: m_RootOrder
      value: 2
      objectReference: {fileID: 0}
    - target: {fileID: 298643349485105603, guid: 4efb778f9d7f7a247a287e840e061627, type: 3}
      propertyPath: m_LocalPosition.x
      value: 0
      objectReference: {fileID: 0}
    - target: {fileID: 298643349485105603, guid: 4efb778f9d7f7a247a287e840e061627, type: 3}
      propertyPath: m_LocalPosition.y
      value: 0
      objectReference: {fileID: 0}
    - target: {fileID: 298643349485105603, guid: 4efb778f9d7f7a247a287e840e061627, type: 3}
      propertyPath: m_LocalPosition.z
      value: 0
      objectReference: {fileID: 0}
    - target: {fileID: 298643349485105603, guid: 4efb778f9d7f7a247a287e840e061627, type: 3}
      propertyPath: m_LocalRotation.w
      value: 1
      objectReference: {fileID: 0}
    - target: {fileID: 298643349485105603, guid: 4efb778f9d7f7a247a287e840e061627, type: 3}
      propertyPath: m_LocalRotation.x
      value: -0
      objectReference: {fileID: 0}
    - target: {fileID: 298643349485105603, guid: 4efb778f9d7f7a247a287e840e061627, type: 3}
      propertyPath: m_LocalRotation.y
      value: -0
      objectReference: {fileID: 0}
    - target: {fileID: 298643349485105603, guid: 4efb778f9d7f7a247a287e840e061627, type: 3}
      propertyPath: m_LocalRotation.z
      value: -0
      objectReference: {fileID: 0}
    - target: {fileID: 298643349485105603, guid: 4efb778f9d7f7a247a287e840e061627, type: 3}
      propertyPath: m_LocalEulerAnglesHint.x
      value: 0
      objectReference: {fileID: 0}
    - target: {fileID: 298643349485105603, guid: 4efb778f9d7f7a247a287e840e061627, type: 3}
      propertyPath: m_LocalEulerAnglesHint.y
      value: 0
      objectReference: {fileID: 0}
    - target: {fileID: 298643349485105603, guid: 4efb778f9d7f7a247a287e840e061627, type: 3}
      propertyPath: m_LocalEulerAnglesHint.z
      value: 0
      objectReference: {fileID: 0}
    - target: {fileID: 298643349485105604, guid: 4efb778f9d7f7a247a287e840e061627, type: 3}
      propertyPath: m_Name
      value: currCell
      objectReference: {fileID: 0}
    m_RemovedComponents: []
  m_SourcePrefab: {fileID: 100100000, guid: 4efb778f9d7f7a247a287e840e061627, type: 3}
--- !u!114 &1815385823 stripped
MonoBehaviour:
  m_CorrespondingSourceObject: {fileID: 298643349485105602, guid: 4efb778f9d7f7a247a287e840e061627, type: 3}
  m_PrefabInstance: {fileID: 1815385822}
  m_PrefabAsset: {fileID: 0}
  m_GameObject: {fileID: 0}
  m_Enabled: 1
  m_EditorHideFlags: 0
  m_Script: {fileID: 11500000, guid: e500f8df6bb0548468391bbe8a7e2074, type: 3}
  m_Name: 
  m_EditorClassIdentifier: 
--- !u!1001 &1849365280
PrefabInstance:
  m_ObjectHideFlags: 0
  serializedVersion: 2
  m_Modification:
    m_TransformParent: {fileID: 0}
    m_Modifications:
    - target: {fileID: 343985083841559886, guid: 42e8b96c46a8a10409777d7aeb9697ed, type: 3}
      propertyPath: m_RootOrder
      value: 5
      objectReference: {fileID: 0}
    - target: {fileID: 343985083841559886, guid: 42e8b96c46a8a10409777d7aeb9697ed, type: 3}
      propertyPath: m_LocalPosition.x
      value: 0
      objectReference: {fileID: 0}
    - target: {fileID: 343985083841559886, guid: 42e8b96c46a8a10409777d7aeb9697ed, type: 3}
      propertyPath: m_LocalPosition.y
      value: 0
      objectReference: {fileID: 0}
    - target: {fileID: 343985083841559886, guid: 42e8b96c46a8a10409777d7aeb9697ed, type: 3}
      propertyPath: m_LocalPosition.z
      value: -10
      objectReference: {fileID: 0}
    - target: {fileID: 343985083841559886, guid: 42e8b96c46a8a10409777d7aeb9697ed, type: 3}
      propertyPath: m_LocalRotation.w
      value: 1
      objectReference: {fileID: 0}
    - target: {fileID: 343985083841559886, guid: 42e8b96c46a8a10409777d7aeb9697ed, type: 3}
      propertyPath: m_LocalRotation.x
      value: 0
      objectReference: {fileID: 0}
    - target: {fileID: 343985083841559886, guid: 42e8b96c46a8a10409777d7aeb9697ed, type: 3}
      propertyPath: m_LocalRotation.y
      value: 0
      objectReference: {fileID: 0}
    - target: {fileID: 343985083841559886, guid: 42e8b96c46a8a10409777d7aeb9697ed, type: 3}
      propertyPath: m_LocalRotation.z
      value: 0
      objectReference: {fileID: 0}
    - target: {fileID: 343985083841559886, guid: 42e8b96c46a8a10409777d7aeb9697ed, type: 3}
      propertyPath: m_LocalEulerAnglesHint.x
      value: 0
      objectReference: {fileID: 0}
    - target: {fileID: 343985083841559886, guid: 42e8b96c46a8a10409777d7aeb9697ed, type: 3}
      propertyPath: m_LocalEulerAnglesHint.y
      value: 0
      objectReference: {fileID: 0}
    - target: {fileID: 343985083841559886, guid: 42e8b96c46a8a10409777d7aeb9697ed, type: 3}
      propertyPath: m_LocalEulerAnglesHint.z
      value: 0
      objectReference: {fileID: 0}
    - target: {fileID: 343985083841559985, guid: 42e8b96c46a8a10409777d7aeb9697ed, type: 3}
      propertyPath: orthographic size
      value: 20
      objectReference: {fileID: 0}
    - target: {fileID: 343985083841559986, guid: 42e8b96c46a8a10409777d7aeb9697ed, type: 3}
      propertyPath: m_Name
      value: Main Camera (2)
      objectReference: {fileID: 0}
    m_RemovedComponents: []
  m_SourcePrefab: {fileID: 100100000, guid: 42e8b96c46a8a10409777d7aeb9697ed, type: 3}
--- !u!1001 &2112032610
PrefabInstance:
  m_ObjectHideFlags: 0
  serializedVersion: 2
  m_Modification:
    m_TransformParent: {fileID: 0}
    m_Modifications:
    - target: {fileID: 3931699771224653492, guid: fa0c443f581a4d24f8a31b9bd461a206, type: 3}
      propertyPath: m_SortingOrder
      value: 2
      objectReference: {fileID: 0}
    - target: {fileID: 3931699771224653493, guid: fa0c443f581a4d24f8a31b9bd461a206, type: 3}
      propertyPath: m_RootOrder
      value: 4
      objectReference: {fileID: 0}
    - target: {fileID: 3931699771224653493, guid: fa0c443f581a4d24f8a31b9bd461a206, type: 3}
      propertyPath: m_LocalPosition.x
      value: -0.01
      objectReference: {fileID: 0}
    - target: {fileID: 3931699771224653493, guid: fa0c443f581a4d24f8a31b9bd461a206, type: 3}
      propertyPath: m_LocalPosition.y
      value: 0
      objectReference: {fileID: 0}
    - target: {fileID: 3931699771224653493, guid: fa0c443f581a4d24f8a31b9bd461a206, type: 3}
      propertyPath: m_LocalPosition.z
      value: -0.5
      objectReference: {fileID: 0}
    - target: {fileID: 3931699771224653493, guid: fa0c443f581a4d24f8a31b9bd461a206, type: 3}
      propertyPath: m_LocalRotation.w
      value: 1
      objectReference: {fileID: 0}
    - target: {fileID: 3931699771224653493, guid: fa0c443f581a4d24f8a31b9bd461a206, type: 3}
      propertyPath: m_LocalRotation.x
      value: -0
      objectReference: {fileID: 0}
    - target: {fileID: 3931699771224653493, guid: fa0c443f581a4d24f8a31b9bd461a206, type: 3}
      propertyPath: m_LocalRotation.y
      value: -0
      objectReference: {fileID: 0}
    - target: {fileID: 3931699771224653493, guid: fa0c443f581a4d24f8a31b9bd461a206, type: 3}
      propertyPath: m_LocalRotation.z
      value: -0
      objectReference: {fileID: 0}
    - target: {fileID: 3931699771224653493, guid: fa0c443f581a4d24f8a31b9bd461a206, type: 3}
      propertyPath: m_LocalEulerAnglesHint.x
      value: 0
      objectReference: {fileID: 0}
    - target: {fileID: 3931699771224653493, guid: fa0c443f581a4d24f8a31b9bd461a206, type: 3}
      propertyPath: m_LocalEulerAnglesHint.y
      value: 0
      objectReference: {fileID: 0}
    - target: {fileID: 3931699771224653493, guid: fa0c443f581a4d24f8a31b9bd461a206, type: 3}
      propertyPath: m_LocalEulerAnglesHint.z
      value: 0
      objectReference: {fileID: 0}
    - target: {fileID: 3931699771224653494, guid: fa0c443f581a4d24f8a31b9bd461a206, type: 3}
      propertyPath: txt
      value: 
      objectReference: {fileID: 1579413498}
    - target: {fileID: 3931699771224653494, guid: fa0c443f581a4d24f8a31b9bd461a206, type: 3}
      propertyPath: temp
      value: 
      objectReference: {fileID: 733967698}
    - target: {fileID: 3931699771224653494, guid: fa0c443f581a4d24f8a31b9bd461a206, type: 3}
      propertyPath: txt2
      value: 
      objectReference: {fileID: 0}
    - target: {fileID: 3931699771224653497, guid: fa0c443f581a4d24f8a31b9bd461a206, type: 3}
      propertyPath: m_Name
      value: food
      objectReference: {fileID: 0}
    m_RemovedComponents: []
  m_SourcePrefab: {fileID: 100100000, guid: fa0c443f581a4d24f8a31b9bd461a206, type: 3}
--- !u!114 &2112032611 stripped
MonoBehaviour:
  m_CorrespondingSourceObject: {fileID: 3931699771224653494, guid: fa0c443f581a4d24f8a31b9bd461a206, type: 3}
  m_PrefabInstance: {fileID: 2112032610}
  m_PrefabAsset: {fileID: 0}
  m_GameObject: {fileID: 0}
  m_Enabled: 1
  m_EditorHideFlags: 0
  m_Script: {fileID: 11500000, guid: 40d6556f82de1354e823abce35104c0b, type: 3}
  m_Name: 
  m_EditorClassIdentifier: 
